This file was created with JabRef 1.6.
Encoding: Cp1252

@BOOK{Abrahamsson2002,
  title = {Agile software develpment methods. Review and analysis},
  publisher = {VTT Publications, Oulu},
  year = {2002},
  author = {P. Abrahamsson and O. Salo and J. Ronkainen and J. Warsta},
  owner = {AJanes},
}

@INCOLLECTION{Basili1994,
  author = {V. Basili and G. Caldiera and D. Rombach},
  title = {The Goal Question Metric Approach},
  booktitle = {Encyclopedia of Software Engineering},
  publisher = {Wiley},
  year = {1994},
  owner = {ajanes},
}

@ARTICLE{Corbin1990,
  author = {Juliet Corbin and Anselm Strauss},
  title = {Grounded Theory Research: Procedures, Canons, and Evaluative Criteria},
  journal = {Qualitative Sociology},
  year = {1990},
  volume = {13},
  number = {1},
  owner = {AJanes},
}
